@Manual{R-Rtsne,
  title = {Rtsne: T-Distributed Stochastic Neighbor Embedding using a Barnes-Hut
Implementation},
  author = {Jesse Krijthe},
  year = {2017},
  note = {R package version 0.13},
  url = {https://CRAN.R-project.org/package=Rtsne},
}
